@article{Anxin-Yuan-Kayama_2008,
 author = {Anxin Li and Yuan Yan and Hidetoshi Kayama},
 journal = {IEEE Signal Process. Lett.},
 title = {An Enhanced Denoise-and-Forward Relaying Scheme for Fading Channel With Low Computational Complexity},
 volume = {15},
 year = {2008}
}

@book{Biglieri_CodWirelessChan,
 author = {Ezio Biglieri},
 publisher = {Springer},
 title = {Coding for wireless channels},
 year = {2010},
 address = {233 Spring Street, New York, NY 10013-1578,USA},
}

@book{Cover-Thomas_ElemInfTheory,
 author = {Thomas M. Cover and Joy A. Thomas},
 publisher = {John Wiley \& Sons},
 address={{The Atrium, Southern Gate, Chichester PO19 8SQ, UK}},
 title = {Elements of Information Theory},
 year = {1991}
}

@techreport{Diwine_D512,
 author = {David Halls and William Thompson and Stefano Galimberti and Stefano Savazzi and Tomas Hynek and Jan Sykora and Justin Coon},
 month = {sep},
 title = {Evaluation of practical system constraints, {DIWINE deliverable D5.12}},
 year = {2014},
 institution = {FP7 ICT Objective 1.1 - The Network of the Future} 
}

@misc{Ettus_flyer,
 author = {Ettus Research},
 howpublished = {\url{https://www.ettus.com/content/files/07495_Ettus_N200-210_DS_Flyer_HR_1.pdf}},
 title = {{N200/N210} Product overview}
}

@misc{Ettus_OctoClock,
 author = {Ettus Research},
 howpublished = {\url{https://www.ettus.com/product/details/OctoClock-G}},
 title = {{OctoClock-G} Product overview}
}

@misc{GNURadio,
 author = {GNURadio},
 howpublished = {\url{http://gnuradio.org/redmine/projects/gnuradio}},
 title = {{GNURadio} overview}
}

@article{Han-Kobayashi_1981,
 author = {Te Sun Han and Kingo Kobayashi},
 journal = {IEEE Trans. Inf. Theory},
 month = {jan},
 pages = {49--60},
 title = {A new achievable rate region for the interference channel},
 volume = {27},
 year = {1981}
}

@article{Harshan-Rajan-2011-IEEE-T-IT,
 author = {Jagadeesh Harshan and B. Sundar Rajan},
 journal = {IEEE Trans. Inf. Theory},
 month = {mar},
 number = {3},
 pages = {1299--1327},
 title = {On Two-User Gaussian Multiple Access Channels With Finite Input Constellations},
 volume = {57},
 year = {2011}
}

@inproceedings{Hekrdla-Sykora_2013,
 author = {Hekrdla, Miroslav and Sykora, Jan},
 booktitle = {Vehicular Technology Conference (VTC Spring), 2013 IEEE 77th},
 pages = {1--6},
 title = {On Indexing of Lattice-Constellations for Wireless Network Coding with Modulo-Sum Decoding},
 year = {2013}
}

@inproceedings{Ho-Liew-Lu,
 author = {Ivan Wang-Hei Ho and Soung Chang Liew and Lu Lu},
 booktitle = {Proc. IEEE Internat. Symp. on Inf. Theory (ISIT)},
 doi = {10.1109/ISIT.2014.6874912},
 issn = {2157-8095},
 month = {jun},
 pages = {646-650},
 title = {Feasibility study of physical-layer network coding in 802.11p {VANET}s},
 year = {2014}
}

@article{Hoeher-Wo_2011-IEEE-M-COM,
 author = {Peter Adam Hoeher and Tianbin Wo},
 journal = {IEEE Communications Mag.},
 month = {dec},
 number = {12},
 pages = {110--116},
 title = {Superposition Modulation: Myth and Facts},
 volume = {49},
 year = {2011}
}

@article{Huang-Wang-Song-Guo-Jamalipour_2012-IEEE-T-WC,
 author = {Yang Huang and Shiqiang Wang and Qingyang Song and Lei Guo and Abbas Jamalipour},
 journal = {IEEE Trans. Wireless Commun.},
 number = {8},
 title = {Synchronous Physical-Layer Network Coding: A Feasibility Study},
 volume = {12},
 year = {2013}
}

@inproceedings{Hynek-etal_2014-EW,
 author = {Tomas Hynek and David Halls and Jan Sykora},
 booktitle = {Proc. European Wireless Conf. (EW)},
 month = {may},
 pages = {1-6},
 title = {Practical Implementation of Cloud Initialization Procedure for Wireless Physical Layer Network Coding Clouds},
 year = {2014}
}

@inproceedings{Koike-Popovski-Tarokh_2008,
 author = {Toshiaki Koike-Akino and Petar Popovski and Vahid Tarokh},
 booktitle = {Proc. IEEE Global Telecommunications Conf. (GlobeCom)},
 title = {Denoising Maps and Constellations for Wireless Network Coding in Two-Way Relaying Systems},
 year = {2008}
}

@article{Koike-Popovski-Tarokh_2009a,
 author = {Toshiaki Koike-Akino and Petar Popovski and Vahid Tarokh},
 journal = {IEEE J. Sel. Areas Commun.},
 month = {jun},
 number = {5},
 pages = {773--787},
 title = {Optimized Constellations for Two-Way Wireless Relaying with Physical Network Coding},
 volume = {27},
 year = {2009}
}

@inproceedings{Liu-Tao-Xu_2011-ICC,
 author = {Jianquan Liu and Meixia Tao and Youyun Xu},
 booktitle = {Proc. IEEE Internat. Conf. on Commun. (ICC)},
 pages = {1--5},
 title = {Pseudo Exclusive-{OR} for {LDPC} Coded Two-Way Relay Block Fading Channels},
 year = {2011}
}

@inproceedings{Nazer-Gastpar_2008-ISIT,
 author = {Bobak Nazer and Michael Gastpar},
 booktitle = {Proc. IEEE Internat. Symp. on Inf. Theory (ISIT)},
 pages = {772--776},
 title = {Compute-and-Forward: Harnessing Interference with Structured Codes},
 year = {2008}
}

@article{Nazer-Gastpar_2011-IEEE-P,
 author = {Bobak Nazer and Michael Gastpar},
 journal = {Proc. IEEE},
 number = {3},
 pages = {438--460},
 title = {Reliable Physical Layer Network Coding},
 volume = {99},
 year = {2011}
}

@article{Popovski-Carvalho_2008,
 author = {Petar Popovski and Elisabeth de Carvalho},
 journal = {IEEE Trans. Wireless Commun.},
 month = {dec},
 number = {12},
 pages = {4831--4836},
 title = {Improving the Rates in Wireless Relay Systems through Superposition Coding},
 volume = {7},
 year = {2008}
}

@inproceedings{Popovski-Yomo_2007a,
 author = {Petar Popovski and Hiroyuki Yomo},
 booktitle = {Proc. IEEE Internat. Conf. on Commun. (ICC)},
 title = {Physical Network Coding in Two-Way Wireless Relay Channels},
 year = {2007}
}

@article{Prochazka-2016,
 author = {Pavel Prochazka},
 journal = {IEEE Commun. Lett.},
 month = {mar},
 number = {3},
 pages = {538-541},
 title = {Nonbinary Channel Coded Physical Layer Network Coding Over Modulo-Sum Algebraic Ring Structures},
 volume = {20},
 year = {2016}
}

@inproceedings{Prochazka-Uricar-Halls-Sykora_2015-ICC,
 address = {London, UK},
 author = {Pavel Prochazka and Tomas Uricar and David Halls and Jan Sykora},
 booktitle = {Proc. IEEE Int. Conf. on Commun. (ICC)},
 month = {to appear},
 pages = {1--7},
 title = {Relaying in Butterfly Networks: Superposition Constellation Design for Wireless Network Coding},
 year = {2015}
}

@misc{Prochazka_Tutorial_WNC,
 author = {Pavel Prochazka},
 howpublished = {\url{http://pavel.prochazka.info/tutorial/const_design_WNC}},
 note = {Accessed: 2016-12-28},
 title = {WNC Tutorial - Constellation Design for Butterfly Network}
}

@inproceedings{Rosetto-Zorzi_2009-SPAWC,
 author = {Francesco Rossetto and Michele Zorzi},
 booktitle = {Proc. IEEE Workshop on Signal Processing Advances in Wireless Communications},
 pages = {469--473},
 title = {On the design of practical asynchronous physical layer network coding},
 year = {2009}
}

@book{Schlegel-Perez_TrellisTurboCoding,
  title={Trellis and Turbo Coding: Iterative and Graph-Based Error Control Coding},
  author={Schlegel, Christian B and Perez, Lance C},
  year={2015},
  publisher={John Wiley \& Sons},
  address={{The Atrium, Southern Gate, Chichester PO19 8SQ, UK}},
}
 title = {Trellis and Turbo Coding},
 year = {2004}
}

@inproceedings{Shende-Rajan-2012-NCC,
 author = {Nirmal Shende and B. Sundar Rajan},
 booktitle = {Proc. National Conference on Communications (NCC)},
 month = {feb},
 pages = {1--5},
 title = {On the achievable rate of {AWGN} relay channel with finite input constellations},
 year = {2012}
}

@article{Sykora-Burr_2011-TVT,
 author = {Jan Sykora and Alister Burr},
 journal = {IEEE Trans. Veh. Technol.},
 month = {sep},
 note = {},
 number = {7},
 pages = {3241--3252},
 title = {Layered design of hierarchical exclusive codebook and its capacity regions for {HDF} strategy in parametric wireless 2-{WRC}},
 volume = {60},
 year = {2011}
}

@inproceedings{Uricar-Qian-Sykora-Mow_2013-WCNC,
 address = {Shanghai, China},
 author = {Tomas Uricar and Bin Qian and Jan Sykora and Wai Ho Mow},
 booktitle = {Proc. IEEE Wireless Commun. Network. Conf. (WCNC)},
 month = {apr},
 pages = {1--6},
 title = {Superposition Coding for Wireless Butterfly Network with Partial Network Side-Information},
 year = {2013}
}

@article{Uricar-Qian-Sykora-Mow_2014-IEEE-T-WC,
 author = {Tomas Uricar and Bin Qian and Jan Sykora and Wai Ho Mow},
 journal = {IEEE Trans. Wireless Commun.},
 number = {10},
 pages = {5582--5595},
 title = {Wireless (Physical Layer) Network Coding with Limited Hierarchical Side-Information: Maximal Sum-Rates in 5-Node Butterfly Network},
 volume = {13},
 year = {2014}
}

@article{Uricar-Sykora_2011,
 author = {Tomas Uricar and Jan Sykora},
 journal = {IEEE Commun. Lett.},
 number = {8},
 pages = {795--797},
 title = {Non-Uniform 2-Slot Constellations for Bidirectional Relaying in Fading Channels},
 volume = {15},
 year = {2011}
}

@article{Uricar-Sykora_2012,
 author = {Tomas Uricar and Jan Sykora},
 journal = {IEEE Commun. Lett.},
 number = {9},
 pages = {1369--1372},
 title = {Non-uniform 2-slot Constellations for Relaying in Butterfly Network with Imperfect Side Information},
 volume = {16},
 year = {2012}
}

@article{Wachsmann-Fischer-Huber-1999-IEEE-T-IT,
 author = {Udo Wachsmann and Robert F. H. Fischer and Johannes B. Huber},
 journal = {IEEE Trans. Inf. Theory},
 month = {jul},
 number = {5},
 pages = {1361--1391},
 title = {Multilevel codes: theoretical concepts and practical design rules},
 volume = {45},
 year = {1999}
}

@article{Yasami-Razi-Abedi_2011,
 author = {Keyvan Yasami and Abolfazl Razi and Ali Abedi},
 doi = {10.1109/LCOMM.2011.082011.110301},
 journal = {IEEE Commun. Lett.},
 month = {oct},
 number = {10},
 pages = {1029 -1031},
 title = {Analysis of Channel Estimation Error in Physical Layer Network Coding},
 volume = {15},
 year = {2011}
}

@book{Yeung-Li-etal_NetworkCodingTheory,
 author = {Raymond W. Yeung and Shuo-Yen Robert Li and Ning Cai and Zhen Zhang},
 publisher = {NOW Publishers},
 title = {Network Coding Theory},
 year = {2006},
 address = {2600 AD Delft, The Netherlands}
}

@inproceedings{Zhang-Liew-Lam_2006b-ITW,
 author = {Shengli Zhang and Soung-Chang Liew and Patrick P. Lam},
 booktitle = {Proc. IEEE Inf. Theory Workshop (ITW)},
 pages = {404--408},
 title = {On the Synchronization of Physical-Layer Network Coding},
 year = {2006}
}

@article{Zhang-Liew-Lu_2012,
 author = {Shengli Zhang and Soung-Chang Liew and Lu Lu},
 journal = {Physical Communication},
 note = {doi:10.1016/j.phycom.2012.05.002},
 pages = {1--39},
 title = {Physical-layer network coding: {T}utorial, survey, and beyond},
 volume = {2012},
 year = {2012}
}

@article{Zhang-Liew_2010,
 author = {Shengli Zhang and Soung-Chang Liew},
 journal = {EURASIP J. on Wireless Comm. and Netw.},
 note = {doi:10.1155/2010/870268},
 pages = {1--12},
 title = {Applying Physical-Layer Network Coding in Wireless Networks},
 volume = {2010},
 year = {2010}
}

